<record><leader>00000cas a2200000 a 4500</leader><controlfield tag="001">9290662</controlfield><controlfield tag="008">830308d18481863meudn ne      0    0eng  </controlfield><datafield ind1=" " ind2=" " tag="010"><subfield code="a">sn 83009685 </subfield></datafield><datafield ind1=" " ind2=" " tag="040"><subfield code="a">DLC</subfield><subfield code="b">eng</subfield><subfield code="c">DLC</subfield><subfield code="d">NPW</subfield><subfield code="d">NPX</subfield><subfield code="d">NPU</subfield><subfield code="d">NPY</subfield><subfield code="d">DLC</subfield><subfield code="d">YOX</subfield><subfield code="d">NVF</subfield><subfield code="d">CRL</subfield><subfield code="d">MBN</subfield><subfield code="d">OCL</subfield><subfield code="d">NYS</subfield><subfield code="d">DLC</subfield><subfield code="d">OCLCG</subfield><subfield code="d">KRTAS</subfield><subfield code="d">OCLCQ</subfield><subfield code="d">OCLCO</subfield><subfield code="d">OCLCF</subfield><subfield code="d">DLC</subfield></datafield><datafield ind1=" " ind2=" " tag="042"><subfield code="a">pcc</subfield></datafield><datafield ind1=" " ind2=" " tag="043"><subfield code="a">n-us-me</subfield></datafield><datafield ind1="0" ind2="0" tag="050"><subfield code="a">Newspaper</subfield></datafield><datafield ind1="0" ind2=" " tag="130"><subfield code="a">Eastern Argus (Portland, Me. : 1848 : Daily)</subfield></datafield><datafield ind1="1" ind2="4" tag="245"><subfield code="a">The Eastern Argus.</subfield></datafield><datafield ind1=" " ind2=" " tag="260"><subfield code="a">Portland, Me. :</subfield><subfield code="b">Holden &amp; Sanborn,</subfield><subfield code="c">1848-1863.</subfield></datafield><datafield ind1=" " ind2=" " tag="300"><subfield code="a">18 v. :</subfield><subfield code="b">ill. (chiefly advertisements) ;</subfield><subfield code="c">56-68 cm.</subfield></datafield><datafield ind1=" " ind2=" " tag="310"><subfield code="a">Daily (except Sunday)</subfield></datafield><datafield ind1="0" ind2=" " tag="362"><subfield code="a">Vol. 14, no. 223 (Oct. 2, 1848)-v. 31, no. 197 (Aug. 21, 1863).</subfield></datafield><datafield ind1=" " ind2=" " tag="500"><subfield code="a">Editor: J.M. Adams, &lt;1858&gt;-1863.</subfield></datafield><datafield ind1=" " ind2=" " tag="500"><subfield code="a">Publishers: John M. Adams &amp; Co., &lt;1858&gt;-1863.</subfield></datafield><datafield ind1=" " ind2=" " tag="500"><subfield code="a">Printers: Harmon, Williams &amp; Tobey, &lt;1851&gt;; William H. Tobey, &lt;1852-1854&gt;.</subfield></datafield><datafield ind1=" " ind2=" " tag="500"><subfield code="a">"Democratic."</subfield></datafield><datafield ind1=" " ind2=" " tag="530"><subfield code="a">Also issued on microfilm from Graphic Microfilm of New England, and the Library of Congress Photoduplication Service.</subfield></datafield><datafield ind1=" " ind2=" " tag="580"><subfield code="a">Triweekly ed.: Eastern Argus (Portland, Me. : 1848 : Triweekly).</subfield></datafield><datafield ind1=" " ind2=" " tag="580"><subfield code="a">Weekly ed.: Eastern Argus (Portland, Me. : 1803).</subfield></datafield><datafield ind1=" " ind2="0" tag="651"><subfield code="a">Portland (Me.)</subfield><subfield code="v">Newspapers.</subfield></datafield><datafield ind1=" " ind2="7" tag="651"><subfield code="a">Maine</subfield><subfield code="z">Portland.</subfield><subfield code="2">fast</subfield><subfield code="0">(OCoLC)fst01213254</subfield></datafield><datafield ind1=" " ind2="7" tag="655"><subfield code="a">Newspapers.</subfield><subfield code="2">fast</subfield><subfield code="0">(OCoLC)fst01423814</subfield></datafield><datafield ind1="1" ind2=" " tag="700"><subfield code="a">Adams, John Milton,</subfield><subfield code="d">1819-1897.</subfield></datafield><datafield ind1=" " ind2=" " tag="752"><subfield code="a">United States</subfield><subfield code="b">Maine</subfield><subfield code="c">Cumberland</subfield><subfield code="d">Portland.</subfield></datafield><datafield ind1="1" ind2=" " tag="775"><subfield code="t">Eastern Argus (Portland, Me. : 1848 : Triweekly)</subfield><subfield code="w">(DLC)sn 83016008</subfield><subfield code="w">(OCoLC)9291588</subfield></datafield><datafield ind1="1" ind2=" " tag="775"><subfield code="t">Eastern Argus (Portland, Me. : 1803)</subfield><subfield code="x">2574-7606</subfield><subfield code="w">(DLC)sn 83016009</subfield><subfield code="w">(OCoLC)2260559</subfield></datafield><datafield ind1="0" ind2="0" tag="780"><subfield code="t">Daily Argus (Portland, Me.)</subfield><subfield code="w">(DLC)sn 83009680</subfield><subfield code="w">(OCoLC)9276793</subfield></datafield><datafield ind1="0" ind2="0" tag="785"><subfield code="t">Daily eastern Argus (Portland, Me. : 1863)</subfield><subfield code="w">(DLC)sn 83016019</subfield><subfield code="w">(OCoLC)9317151</subfield></datafield><datafield ind1=" " ind2=" " tag="938"><subfield code="a">Kirtas Technologies, Inc.</subfield><subfield code="b">KRTS</subfield><subfield code="n">736239</subfield></datafield><datafield ind1="1" ind2=" " tag="029"><subfield code="a">AU@</subfield><subfield code="b">000025820752</subfield></datafield></record>